<?xml version="1.0" encoding="UTF-8"?>
<OAI-PMH xmlns="http://www.openarchives.org/OAI/2.0/" xmlns:xsi="http://www.w3.org/2001/XMLSchema-instance" xsi:schemaLocation="http://www.openarchives.org/OAI/2.0/ http://www.openarchives.org/OAI/2.0/OAI-PMH.xsd">
  <ListRecords>
    <record>
      <header>
        <identifier>aleph-publish:001518782</identifier>
      </header>
      <metadata>
        <record xmlns="http://www.ddb.de/professionell/mabxml/mabxml-1.xsd">
          <leader>00000nM2.01200024------h</leader>
          <controlfield tag="LDR">00000nM2.01200024------h</controlfield>
          <controlfield tag="FMT">MH</controlfield>
          <datafield tag="001" ind1="-" ind2="1">
            <subfield code="a">HT017441045</subfield>
          </datafield>
          <datafield tag="002" ind1="a" ind2="1">
            <subfield code="a">20121102</subfield>
          </datafield>
          <datafield tag="003" ind1="-" ind2="1">
            <subfield code="a">20121102114349</subfield>
          </datafield>
          <datafield tag="025" ind1="a" ind2="1">
            <subfield code="a">1027425933</subfield>
          </datafield>
          <datafield tag="025" ind1="z" ind2="1">
            <subfield code="a">2689266-2</subfield>
          </datafield>
          <datafield tag="026" ind1="-" ind2="1">
            <subfield code="a">ZDB2689266-2</subfield>
          </datafield>
          <controlfield tag="030">b|zucz|z|||35</controlfield>
          <datafield tag="036" ind1="a" ind2="1">
            <subfield code="a">XA-DE</subfield>
          </datafield>
          <datafield tag="037" ind1="b" ind2="1">
            <subfield code="a">ger</subfield>
          </datafield>
          <controlfield tag="050">a|a|||||||||||</controlfield>
          <controlfield tag="052">p||||||zz||||||</controlfield>
          <datafield tag="070" ind1="-" ind2="1">
            <subfield code="a">0466</subfield>
          </datafield>
          <datafield tag="070" ind1="a" ind2="1">
            <subfield code="a">DNB</subfield>
          </datafield>
          <datafield tag="070" ind1="b" ind2="1">
            <subfield code="a">0466</subfield>
          </datafield>
          <datafield tag="310" ind1="-" ind2="1">
            <subfield code="a">Geographie heute / Sammelband</subfield>
          </datafield>
          <datafield tag="331" ind1="-" ind2="1">
            <subfield code="a">Geographie heute</subfield>
          </datafield>
          <datafield tag="335" ind1="-" ind2="1">
            <subfield code="a">Themen, Modelle, Materialien für die Unterrichtspraxis aller Schulstufen</subfield>
          </datafield>
          <datafield tag="360" ind1="-" ind2="1">
            <subfield code="a">Sammelband</subfield>
          </datafield>
          <datafield tag="370" ind1="a" ind2="1">
            <subfield code="a">Sammelband</subfield>
          </datafield>
          <datafield tag="405" ind1="-" ind2="1">
            <subfield code="a">1996 -</subfield>
          </datafield>
          <datafield tag="410" ind1="-" ind2="1">
            <subfield code="a">Seelze-Velber</subfield>
          </datafield>
          <datafield tag="412" ind1="-" ind2="1">
            <subfield code="a">Friedrich</subfield>
          </datafield>
          <datafield tag="425" ind1="b" ind2="1">
            <subfield code="a">1996</subfield>
          </datafield>
          <datafield tag="523" ind1="-" ind2="1">
            <subfield code="a">Ersch. unregelmäßig</subfield>
          </datafield>
          <datafield tag="700" ind1="-" ind2="1">
            <subfield code="a">910</subfield>
            <subfield code="a">ZDB</subfield>
          </datafield>
          <controlfield tag="SYS">001518782</controlfield>
          <datafield tag="085" ind1="x" ind2="1">
            <subfield code="a">Sammelband</subfield>
          </datafield>
          <datafield tag="LOW" ind1="-" ind2="1">
            <subfield code="a">P0001</subfield>
          </datafield>
          <datafield tag="200" ind1=" " ind2=" ">
            <subfield code="0">1</subfield>
            <subfield code="b">2007; 2008,[2]</subfield>
            <subfield code="f">P 30/43 g 18</subfield>
          </datafield>
          <datafield tag="OWN" ind1=" " ind2=" ">
            <subfield code="a">P0001</subfield>
          </datafield>
          <datafield tag="PLK" ind1=" " ind2=" ">
            <subfield code="a">SRD</subfield>
            <subfield code="l">PAD01</subfield>
            <subfield code="b">001519987</subfield>
            <subfield code="m">Geographie heute / Sammelband.^1996</subfield>
            <subfield code="n">[2007].^Lernkartei.^2007</subfield>
          </datafield>
          <datafield tag="PLK" ind1=" " ind2=" ">
            <subfield code="a">SRD</subfield>
            <subfield code="l">PAD01</subfield>
            <subfield code="b">001519988</subfield>
            <subfield code="m">Geographie heute / Sammelband.^1996</subfield>
            <subfield code="n">[2008,2].^Geographie unterrichten.^2008</subfield>
          </datafield>
          <datafield tag="LOC" ind1=" " ind2=" ">
            <subfield code="m">ISSBD</subfield>
            <subfield code="a">P0001</subfield>
            <subfield code="b">30</subfield>
            <subfield code="d">43g18</subfield>
            <subfield code="g">2007</subfield>
            <subfield code="n">36</subfield>
            <subfield code="k">20121102</subfield>
            <subfield code="5">877013-1140</subfield>
          </datafield>
          <datafield tag="LOC" ind1=" " ind2=" ">
            <subfield code="m">ISSBD</subfield>
            <subfield code="a">P0001</subfield>
            <subfield code="b">30</subfield>
            <subfield code="d">43g18</subfield>
            <subfield code="g">2008</subfield>
            <subfield code="n">36</subfield>
            <subfield code="k">20121102</subfield>
            <subfield code="5">877013-1130</subfield>
          </datafield>
        </record>
      </metadata>
    </record>
  </ListRecords>
</OAI-PMH>
